<?xml version="1.0" encoding="UTF-8"?><collection xmlns="http://www.loc.gov/MARC21/slim"><record><leader>00447nam--2200169-i-4500</leader><controlfield tag="001">000046919</controlfield><controlfield tag="002">20161230</controlfield><controlfield tag="005">20161230201046</controlfield><controlfield tag="008">060222s1000------------r-----000-0-eng-d</controlfield><datafield ind1=" " ind2=" " tag="040"><subfield code="a">IFIN-HH</subfield></datafield><datafield ind1=" " ind2=" " tag="080"><subfield code="a">512.831:535.31</subfield></datafield><datafield ind1="1" ind2=" " tag="100"><subfield code="a">Warren, Blaker J</subfield></datafield><datafield ind1="1" ind2="0" tag="245"><subfield code="a">Geometric optics</subfield><subfield code="b">The matrix theory</subfield><subfield code="c">Warren j. blaker</subfield></datafield><datafield ind1=" " ind2=" " tag="260"><subfield code="a">New York</subfield><subfield code="b">Marcel Dekker, Inc</subfield><subfield code="c">1971</subfield></datafield><datafield ind1=" " ind2=" " tag="300"><subfield code="a">IX+127P</subfield></datafield><datafield ind1=" " ind2=" " tag="852"><subfield code="a">37816</subfield><subfield code="c">535</subfield></datafield><datafield ind1=" " ind2=" " tag="CAT"><subfield code="a">Sys</subfield><subfield code="c">20101103</subfield><subfield code="h">145123</subfield></datafield></record></collection>